<record><leader>00000cas a22000007a 4500</leader><controlfield tag="001">18729508</controlfield><controlfield tag="008">881109d18361836mduuu ne      0    0eng d</controlfield><datafield ind1=" " ind2=" " tag="010"><subfield code="a">sn 88065175 </subfield></datafield><datafield ind1=" " ind2=" " tag="040"><subfield code="a">MFN</subfield><subfield code="b">eng</subfield><subfield code="c">MFN</subfield><subfield code="d">OCL</subfield><subfield code="d">OCLCQ</subfield></datafield><datafield ind1=" " ind2=" " tag="042"><subfield code="a">msc</subfield></datafield><datafield ind1="0" ind2="0" tag="245"><subfield code="a">Courier and inquirer.</subfield></datafield><datafield ind1=" " ind2=" " tag="260"><subfield code="a">Fell's Point [i.e. Baltimore, Md.] :</subfield><subfield code="b">J. Young &amp; W. Abraham,</subfield><subfield code="c">1836.</subfield></datafield><datafield ind1=" " ind2=" " tag="300"><subfield code="a">v.</subfield></datafield><datafield ind1="0" ind2=" " tag="362"><subfield code="a">Vol. 1, no. 1 (Aug. 2, 1836).</subfield></datafield><datafield ind1=" " ind2=" " tag="752"><subfield code="a">United States</subfield><subfield code="b">Maryland</subfield><subfield code="d">Baltimore.</subfield></datafield><datafield ind1="0" ind2="0" tag="785"><subfield code="t">Eastern express (Baltimore, Md.)</subfield><subfield code="w">(DLC)sn 88083998</subfield></datafield></record>